@book{Knuth-TeX,
  author = {Д. Э. Кнут},
  title = {Всё про \TeX},
  year = 2003,
  isbn = {5-8459-0382-3},
  publisher = {Вильямс},
  address = {М.},
  numpages = {560},
  language = {russian},
  OPTeditor = {},
  OPTnote = {Пер.~с~англ.}
}

@book{Knuth-METAFONT,
  author = {Д. Э. Кнут},
  title = {Всё про \METAFONT},
  year = 2003,
  isbn = {5-8459-0442-0},
  publisher = {Вильямс},
  address = {М.},
  numpages = {384},
  language = {russian},
  OPTeditor = {},
  OPTnote = {Пер.~с~англ.}
}

@book{Knuth-typography,
  author = {Д. Э. Кнут},
  title = {Компьютерная типография},
  year = 2003,
  isbn = {5-03-3361-0},
  publisher = {Мир},
  address = {М.},
  numpages = {686},
  language = {russian},
  OPTeditor = {},
  OPTnote = {Пер.~с~англ.}
}

@book{Gretcer,
  author = {Г. Грэтцер},
  title = {Первые шаги в \LaTeX},
  year = 2000,
  isbn = {5-03-0033661-0},
  publisher = {Мир},
  address = {М.},
  numpages = {172},
  language = {russian},
  OPTeditor = {},
  OPTnote = {Пер.~с~англ.}
}

@book{Rozhenko-2005,
  author = {А. И. Роженко},
  title = {Искусство верстки в \LaTeX'е},
  year = 2005,
  isbn = {5-901548-25-6},
  publisher = {Изд.~ИВМиМГ СО~РАН},
  address = {Новосибирск},
  numpages = {398},
  language = {russian},
  editor = {А. С. Алексеева},
  OPTnote = {}
}

@book{Kotelnikov-2004,
  author = {И. А. Котельников and П. З. Чеботаев},
  title = {\LaTeX{} по-русски},
  year = {2004},
  isbn = {5-87550-195-2},
  publisher = {Сибирский Хронограф},
  address = {Новосибирск},
  numpages = {496},
  language = {russian},
  OPTnote = {3-е изд., перераб. и доп.}
}

@book{Lvovskij-2003,
  author = {С. М. Львовский},
  title = {Набор и вёрстка в системе \LaTeX},
  year = {2003},
  isbn = {5-94057-091-7},
  publisher = {МЦНМО},
  address = {М.},
  numpages = {448},
  language = {russian},
  OPTnote = {3-е~изд., испр. и доп.}
}

@book{Gussens-LaTeX,
  author = {М. Гуссенс and Ф. Миттельбах and А. Самарин},
  title = {Путеводитель по пакету \LaTeX{} и его расширению \LaTeXe
                  },
  year = {1999},
  isbn = {5-03-003325-4},
  publisher = {Мир},
  address = {М.},
  numpages = {606},
  language = {russian},
  OPTnote = {Пер.~с~англ.}
}

@book{Gussens-graphics,
  author = {М. Гуссенс and С. Ратц and Ф. Миттельбах},
  title = {Путеводитель по пакету \LaTeX{} и его графическим
                  расширениям},
  year = {2002},
  isbn = {5-03-003388-2},
  publisher = {Мир},
  address = {М.},
  numpages = {621},
  language = {russian},
  OPTnote = {Пер.~с~англ.}
}


@book{Gussens-www,
  author = {М. Гуссенс and С. Ратц},
  title = {Путеводитель по пакету \LaTeX{} и его Web"=приложениям},
  year = {2001},
  isbn = {5-03-003387-4},
  publisher = {Мир},
  address = {М.},
  numpages = {604},
  language = {russian},
  OPTnote = {Пер.~с~англ.}
}

@book{Milchin-2003,
  author = {А. Э. Мильчин},
  title = {Издательский словарь"=справочник},
  year = 2003,
  isbn = {5-224-04560-6},
  publisher = {ОЛМА-Пресс},
  address = {М.},
  numpages = 500,
  language = {russian},
  OPTnote = {2-е изд., испр. и доп.}
}


