%  -*- coding: koi8-r -*-
@book{Rozhenko-2005,
  author = {А. И. Роженко},
  title = {Искусство вёрстки в \LaTeX'е.},
  year = 2005,
  isbn = {5-901548-25-6},
  publisher = {Изд.~ИВМиМГ СО~РАН},
  address = {Новосибирск},
  numpages = {398},
  language = {russian},
  editor = {А. С. Алексеева},
  OPTnote = {}
}

@book{Kotelnikov-2004,
  author = {И. А. Котельников and П. З. Чеботаев},
  title = {\LaTeX{} по-русски.},
  year = {2004},
  isbn = {5-87550-195-2},
  publisher = {Сибирский Хронограф},
  address = {Новосибирск},
  numpages = {496},
  language = {russian},
  note = {3-е изд., перераб. и доп.}
}

@book{Lvovskij-2003,
  author = {С. М. Львовский},
  title = {Набор и вёрстка в системе \LaTeX.},
  year = {2003},
  isbn = {5-94057-091-7},
  publisher = {МЦНМО},
  address = {М.},
  numpages = {448},
  language = {russian},
  note = {3-е~изд., испр. и доп.}
}

@book{Gussens-1999,
  author = {М. Гуссенс and Ф. Миттельбах and А. Самарин},
  title = {Путеводитель по пакету \LaTeX{} и его расширению \LaTeXe:
                  Пер. с англ.},
  year = {1999},
  isbn = {5-03-003325-4},
  publisher = {Мир},
  address = {М.},
  numpages = {606},
  language = {russian},
  OPTnote = {}
}



